<record><leader>00000cas a2200000 a 4500</leader><controlfield tag="001">18936367</controlfield><controlfield tag="008">881222d18781968nyuwr ne      0    0eng c</controlfield><datafield ind1=" " ind2=" " tag="010"><subfield code="a">sn 89071011 </subfield></datafield><datafield ind1=" " ind2=" " tag="040"><subfield code="a">NYS</subfield><subfield code="b">eng</subfield><subfield code="c">NYS</subfield><subfield code="d">NSD</subfield><subfield code="d">NYS</subfield><subfield code="d">NSD</subfield><subfield code="d">NYS</subfield><subfield code="d">OCLCQ</subfield><subfield code="d">OCLCF</subfield><subfield code="d">OCLCO</subfield></datafield><datafield ind1="1" ind2=" " tag="029"><subfield code="a">AU@</subfield><subfield code="b">000020602312</subfield></datafield><datafield ind1=" " ind2=" " tag="042"><subfield code="a">pcc</subfield></datafield><datafield ind1=" " ind2=" " tag="043"><subfield code="a">n-us-ny</subfield></datafield><datafield ind1="0" ind2=" " tag="130"><subfield code="a">Windsor standard (Windsor, N.Y. : 1878)</subfield></datafield><datafield ind1="1" ind2="4" tag="245"><subfield code="a">The Windsor standard.</subfield></datafield><datafield ind1=" " ind2=" " tag="260"><subfield code="a">Windsor, N.Y. :</subfield><subfield code="b">C.E. Babcock,</subfield><subfield code="c">1878-1968.</subfield></datafield><datafield ind1=" " ind2=" " tag="300"><subfield code="a">90 v.</subfield></datafield><datafield ind1=" " ind2=" " tag="310"><subfield code="a">Weekly</subfield></datafield><datafield ind1="0" ind2=" " tag="362"><subfield code="a">Vol. 1, no. 1 (May 11, 1878)-v. 90, no. 44 (Jan. 11, 1968).</subfield></datafield><datafield ind1=" " ind2=" " tag="500"><subfield code="a">Publishers: C.E. Babcock, 1878-&lt;1892&gt;; W.D. Osgood, &lt;1897&gt;; Brainard W. Russell, &lt;1918&gt;; Marvin H. Mallery, &lt;1935-1960&gt;.</subfield></datafield><datafield ind1=" " ind2=" " tag="515"><subfield code="a">No issue published: May 18, 1878.</subfield></datafield><datafield ind1=" " ind2="0" tag="651"><subfield code="a">Windsor (N.Y.)</subfield><subfield code="v">Newspapers.</subfield></datafield><datafield ind1=" " ind2="0" tag="651"><subfield code="a">Broome County (N.Y.)</subfield><subfield code="v">Newspapers.</subfield></datafield><datafield ind1=" " ind2="7" tag="655"><subfield code="a">Newspapers.</subfield><subfield code="2">fast</subfield><subfield code="0">(OCoLC)fst01423814</subfield></datafield><datafield ind1=" " ind2="7" tag="651"><subfield code="a">New York (State)</subfield><subfield code="z">Broome County.</subfield><subfield code="2">fast</subfield><subfield code="0">(OCoLC)fst01233031</subfield></datafield><datafield ind1=" " ind2="7" tag="651"><subfield code="a">New York (State)</subfield><subfield code="z">Windsor.</subfield><subfield code="2">fast</subfield><subfield code="0">(OCoLC)fst01219259</subfield></datafield><datafield ind1=" " ind2=" " tag="752"><subfield code="a">United States</subfield><subfield code="b">New York</subfield><subfield code="c">Broome</subfield><subfield code="d">Windsor.</subfield></datafield><datafield ind1="0" ind2="7" tag="785"><subfield code="t">Deposit courier (Deposit, N.Y. : 1930)</subfield><subfield code="w">(DLC)sn 88075846</subfield><subfield code="w">(OCoLC)13772914</subfield></datafield><datafield ind1="0" ind2="7" tag="785"><subfield code="t">Deposit courier and the Windsor standard</subfield><subfield code="w">(DLC)sn 92061620</subfield><subfield code="w">(OCoLC)24807634</subfield></datafield></record>